
@MISC{wmi:homepage,
 AUTHOR = "Ilya Dmitrichenko",
 TITLE = "\href{http://wmi.new-synth.info/projects/}
 	{Wireless Music Intruments Project Website - Homepage}"
}

@MISC{doc:gdocs:wmi,
 AUTHOR = "Ilya Dmitrichenko",
 TITLE = "\href{http://wmi.new-synth.info/googledocs/list?project_id=wmi}
 	{WMI Project Documents}"
}

@MISC{wmi:irep,
 AUTHOR = "Ilya Dmitrichenko",
 TITLE = "Wireles Music Instruments Project (Interim Report)",
 SCHOOL = "London Metropolitain University",
 YEAR = "2010"
}
 	
@MISC{wmi:wiki:main,
 AUTHOR = "Ilya Dmitrichenko",
 TITLE = "\href{http://wmi.new-synth.info/projects/wmi/wiki/}
 	{WMI Project Wiki: Start Page}"
}

@MISC{wmi:wiki:spec,
 AUTHOR = "Ilya Dmitrichenko",
 TITLE = "\href{http://wmi.new-synth.info/projects/wmi/wiki/System_Specification}
	{WMI Project Wiki: System Specification}",
 NOTE = "\emph{(work in progress)}"
}

@MISC{wmi:wiki:rtos,
 AUTHOR = "Ilya Dmitrichenko",
 TITLE = "\href{http://wmi.new-synth.info/projects/wmi/wiki/Embedded_Operating_System}
	{WMI Project Wiki: Embedded Operating Systems}",
 NOTE = "\emph{(work in progress)}"
}

@MISC{wmi:wiki:atmelsw,
 AUTHOR = "Ilya Dmitrichenko",
 TITLE = "\href{http://wmi.new-synth.info/projects/wmi/wiki/ATMEL_Software_Stacks}
	{WMI Project Wiki: ATMEL Software Stacks}",
 NOTE = "\emph{(work in progress)}"
}

@MISC{wmi:wiki:chips1,
 AUTHOR = "Ilya Dmitrichenko",
 TITLE = "\href{http://wmi.new-synth.info/projects/wmi/wiki/ARM_Wireless_SoCs}
	{WMI Project Wiki: ARM Wireless SoCs}"
}
@MISC{wmi:wiki:chips2,
 AUTHOR = "Ilya Dmitrichenko",
 TITLE = "\href{http://wmi.new-synth.info/projects/wmi/wiki/Other_Platforms}
	{WMI Project Wiki: Other Platforms}"
}

@MISC{wmi:wiki:refs,
 AUTHOR = "Ilya Dmitrichenko",
 TITLE = "\href{http://wmi.new-synth.info/projects/wmi/wiki/Bibliography"}
 	{WMI Project Wiki: Bibliography}"
}

@MISC{wmi:wiki:links,
 AUTHOR = "Ilya Dmitrichenko",
 TITLE = "\href{http://wmi.new-synth.info/projects/wmi/wiki/Links}
 	{WMI Project Wiki: On-Line Refences}"
}

@MISC{wmi:gantt,
 AUTHOR = "Ilya Dmitrichenko",
 TITLE = "\href{http://wmi.new-synth.info/projects/wmi/issues/gantt}
 	{WMI Project Management: Gantt Chat}"
}

@MISC{ wmi:github:contiki,
 AUTHOR = "Ilya Dmitrichenko",
 TITLE = "\href{https://github.com/contiki/contiki-rf2xx/}
 	{Contiki RF2XX Driver: Code Repository (Porting Branch)}"
}

@MISC{ wmi:github:contiki:work,
 AUTHOR = "Ilya Dmitrichenko",
 TITLE = "\href{https://github.com/contiki/contiki-rf2xx/tree/porting/cpu/avr/radio/rf2xx}
 	{Contiki RF2XX Driver: Code Repository (Working Directory)}"
}

@MISC{ wmi:github:contiki:logs,
 AUTHOR = "Ilya Dmitrichenko",
 TITLE = "\href{https://github.com/contiki/contiki-rf2xx/commits/porting/}
 	{Contiki RF2XX Driver: Code Repository (Commit History)}"
}

@MISC{ wmi:proj:mischw,
 AUTHOR = "Ilya Dmitrichenko",
 TITLE = "\href{http://wmi.new-synth.info/projects/h2}
 	{WMI Sub-project: Various Hardware Options}"
}

@MISC{ wmi:proj:sensor,
 AUTHOR = "Ilya Dmitrichenko",
 TITLE = "\href{http://wmi.new-synth.info/projects/s1}
 	{WMI Sub-project: Sensor Interfacing}"
}

@MISC{ wmi:proj:testsw,
 AUTHOR = "Ilya Dmitrichenko",
 TITLE = "\href{http://wmi.new-synth.info/projects/s3}
 	{WMI Sub-project: Various Software Testing}"
}

@MISC{ wmi:wiki:devhw,
 AUTHOR = "Ilya Dmitrichenko",
 TITLE = "\href{http://wmi.new-synth.info/projects/wmi/wiki/Development_Hardware_Options}
 	{WMI Wiki: Development Hardware}"
}

% part: RESEARCH

%%% Sense/Stage

@MISC{ links:sensestage:homepage,
	AUTHOR = "Sense/Stage",
	TITLE = "\href{http://sensestage.hexagram.ca/}{Homepage}"
}

@MISC{ links:sensestage:node,
	AUTHOR = "Sense/Stage",
	TITLE= "\href{http://sensestage.hexagram.ca/topic/documentation/hardware/minibee}{MiniBee Hardware}"
}

@MISC{ links:sensestage:host,
	AUTHOR = "Sense/Stage",
	TITLE= "\href{http://sensestage.hexagram.ca/topic/documentation/software/clients}{Software Clients}"
}

%%% Phidgets

@MISC{ links:phidgets:homepage,
	AUTHOR = "{Phidgets, Inc}",
	TITLE= "\href{http://www.phidgets.com/}{Homepage}"
}

@MISC{ links:phidgets:products:sbc,
	AUTHOR = "{Phidgets, Inc}",
	TITLE= "\href{http://www.phidgets.com/products.php?category=21&product_id=1070}{Products: SBC}"
}

%%% Zolertia

@MISC{ links:zolertia:store,
	AUTHOR = "Zolertia.com",
	TITLE= "\href{http://shop.zolertia.com/}{{Product Store}}"
}

%%% Tinker.it

@MISC{ links:arduino:homepage,
	AUTHOR = "Tinker.it",
	TITLE = "\href{http://www.arduino.cc/}{Arduino Homepage}"
}

@MISC{ links:arduino:library,
	AUTHOR = "Tinker.it",
	TITLE = "\href{http://arduino.cc/en/Tutorial/Foundations}{Arduino Library}"
}

%%% Seeed

@MISC{ links:seeed:homepage,
	AUTHOR = "{Seeed Studio}",
	TITLE= "\href{http://www.seeedstudio.com/}{Homepage}"
}

@MISC{ links:seeed:products:film,
	AUTHOR = "{Seeed Studio}",
	TITLE= "\href{http://www.seeedstudio.com/depot/seeeduino-film-v09b-p-689.html}{Products: Seeeduino Film}"
}


%%% Commercial Wireless MIDI Devices

@MISC{ links:maudio:midair,
	AUTHOR = "AVID/M-Audio",
	TITLE= "\href{http://www.m-audio.com/products/en_us/MidAir.html}{Products: MidAir}"
}

@MISC{ links:kenton:midistream,
	AUTHOR = "{Kenton Electronics, UK}",
	TITLE= "\href{http://www.kentonuk.com/products/items/wireless/midistream.shtml}{Products: MidiStream}"
}

@MISC{ links:cme:widi,
	AUTHOR = "CME",
	TITLE= "\href{http://www.cme-pro.com/en/product-list.php?bc=6}{Products: WiDi}"
}

@MISC{ links:pmm:midijet,
	AUTHOR = "{PatchMan Music}",
	TITLE= "\href{http://www.patchmanmusic.com/MidiJetPro.html}{Products: MidiJet}"
}

@MISC{links:livid:block64,
  	AUTHOR = "Livid",
	TITLE = "\href{http://www.lividinstruments.com/hardware_ohm64.php}
		{Products: Block64}"
}

@MISC{links:jazzmutant:lemur,
	AUTHOR = "JazzMutant",
	TITLE = "\href{http://www.jazzmutant.com/lemur_overview.php}
		{Products: Lemur}"
}

@MISC{links:monome,
	AUTHOR = "MONOME",
	TITLE = "\href{http://monome.org}{Homepage}"
}

@MISC{links:monome:osc,
	AUTHOR = "MONOME",
	TITLE = "\href{http://docs.monome.org/doku.php?id=tech:protocol:osc}
		{Details of OSC implementation in MONOME hardware}"
}



@MISC{ links:includetech:wimi,
	AUTHOR = "{Incudetech}",
	TITLE = "\href{http://www.includetech.com/default.aspx?pg=40eacac0-5810-421e-9ed9-355f08ee115c}
		{WiMi: Xbee Midi Development Board}"
}


@MISC{ links:misc:xbeemidi,
	AUTHOR = "Ladyada.net",
	TITLE = "\href{http://www.ladyada.net/make/xbee/midibee.html}
		{Tutorial: Xbee Midi Link}"
}

@MISC{ links:tinyos:nesc,
	AUTHOR = "{TinyOS}",
	TITLE = "\href{http://nescc.sourceforge.net/papers/nesc-ref.pdf}
		{nesC Language Project Homepage}"
}

@MISC{ links:tinyos:tossim,
	AUTHOR = "{TinyOS}",
	TITLE = "\href{http://docs.tinyos.net/index.php/TOSSIM}
		{Network Simulator TOSSIM}"
}

@MISC{ links:tinyos:webs,
	AUTHOR = "{Berkeley Wireless Embedded Systems (WEBS)}",
	TITLE = "\href{http://webs.cs.berkeley.edu/}
		{Project Homepage}"
}

%http://www.cs.berkeley.edu/~prabal/projects/epic/
%http://www.cs.berkeley.edu/~prabal/
%http://smote.cs.berkeley.edu:8000/tracenv/wiki/blip

@MISC{ tinyos:wiki:blip20,
	TITLE = "\href{http://docs.tinyos.net/index.php/BLIP_2.0_Platform_Support_Guide}
		{BLIP 2.0 Platform Support Guide}",
	AUTHOR = {Dawson-Haggerty, S.}
}


@MISC{ links:tinyos:rfa1:p1,
	AUTHOR = "Philipp Sommer",
	TITLE = "\href{https://github.com/phsommer/tinyos-main/}
		{Source Code Repository of ATmega128RFA1 port for TinyOS}"
}

@MISC{ links:tinyos:rfa1:p2,
	AUTHOR = {Maroti, Miklos and Biro, Andras},
	TITLE = "\href{http://szte-wsn.svn.sourceforge.net/viewvc/szte-wsn/tinyos-2.x/trunk/}
		{Source Code Repository of ATmega128RFA1 port for TinyOS}"
}



@MISC{ links:contiki:port:mc1322x,
	AUTHOR = "devl.org",
	TITLE = "\href{http://mc1322x.devl.org/}
		{Contiki \Chip{MC1322x} Port (Homepage)}"
}

@MISC{ links:contiki:rcb:mc1322x,
	AUTHOR = "devl.org",
	TITLE = "\href{http://mc1322x.devl.org/hardware.html}
		{Contiki \Chip{MC1322x} Port (Development Hardware)}"
}
	

@MISC{ links:nordic:rf2400,
	TITLE = "\href{http://www.nordicsemi.com/index.cfm?obj=menu&act=displayMenu&men=2}
		{{Product Range: 2.4GHz Transcievers}}",
	AUTHOR = "{Nordic Semiconductors}"
}

@MISC{ links:hoperf:rf2400,
	TITLE = "\href{http://www.hoperf.com/rf_fsk/}
		{{Product Range: 2.4GHz Transceivers}}",
	AUTHOR = "{Hope Microelectronics}"
}


@MISC{ links:misc:avr:parportprog,
	AUTHOR = "{DIY Solutions}",
	TITLE = "\href{http://www.xs4all.nl/~sbolt/e-spider_prog.html}
		{AVR Parallel Programmer Circuit}",
	NOTE = "\emph{(advanced)}"
}

@MISC{ links:arduino:parportprog,
	AUTHOR = "{DIY Solutions}",
	TITLE = "\href{http://arduino.cc/en/Hacking/ParallelProgrammer}
		{AVR Parallel Programmer Circuit}",
	NOTE = "\emph{(simpliest)}"
}
		

@MISC{ links:sparkfun:prod:13,
	AUTHOR = "{SparkFun Electronics}",
	TITLE = "\href{http://www.sparkfun.com/products/13}
		{{Product Catalogue: item \texttt{0013}}}"
}

@MISC{ links:sparkfun:prod:9734,
	AUTHOR = "{SparkFun Electronics}",
	TITLE = "\href{http://www.sparkfun.com/products/9734}
		{{Product Catalogue: item \texttt{9734}}}"
}

@MISC{ links:sparkfun:prod:9718,
	AUTHOR = "{SparkFun Electronics}",
	TITLE = "\href{http://www.sparkfun.com/products/9718}
		{{Product Catalogue: item \texttt{9718}}}"
}

%%% Wikipedia

@MISC{links:wiki:pd,
	AUTHOR = "Wikipedia",
	TITLE = "\href{http://en.wikipedia.org/wiki/Pure_Data}
		{{Pure Data}}"
}

@MISC{links:wiki:rtpmidi,
	AUTHOR = "Wikipedia",
	TITLE = "\href{http://en.wikipedia.org/wiki/MIDI_usage_and_applications#RTP-MIDI_Transport_Protocol}
		{{MIDI Usage and Applications: RTP-MIDI}}"
}

@MISC{links:rtpmidi,
	AUTHOR = {Lazzaro, John and Wawrzynek, John},
	TITLE = "\href{http://www.cs.berkeley.edu/~lazzaro/rtpmidi/}
		{{RTP MIDI: An RTP Payload Format for MIDI (reference desing)}}"
}

@MISC{links:qmidinet,
	AUTHOR = {qmidinet},
	TITLE = "\href{http://qmidinet.sourceforge.net/qmidinet-index.html}
		{{Project Homepage}}"
}

@MISC{links:multimidicast,
	AUTHOR = {multimidicast},
	TITLE = "\href{http://llg.cubic.org/tools/multimidicast/}
		{{Project Homepage}}"
}

@MISC{links:ipmidi,
	AUTHOR = {Nerds.de},
	TITLE = "\href{http://nerds.de/}
		{{ipMIDI software for Windows and Mac OS}}"
}

@MISC{links:wiki:llvm,
	AUTHOR = "Wikipedia",
	TITLE = "\href{http://en.wikipedia.org/wiki/LLVM}
		{{Low Level Virtual Machine}}"
}

@MISC{links:xmos:tools,
	AUTHOR = {Watt, Douglas and Osborne, Richard},
	TITLE = "\href{http://www.xmos.com/published/tools-development-guide}
		{{XMOS Tools Developer Guide}}"
}


@MISC{links:wiki:qpsk,
	AUTHOR = "Wikipedia",
	TITLE = "\href{http://en.wikipedia.org/wiki/Phase-shift_keying\#Quadrature_phase-shift_keying_.28QPSK.29}
		{{Quadrature Phase-Shift Keying}}"
}

@MISC{links:wiki:dsss,
	AUTHOR = "Wikipedia",
	TITLE = "\href{http://en.wikipedia.org/wiki/Direct-sequence_spread_spectrum}
		{{Direct-Sequence Spread Spectrum}}"
}

@MISC{links:wiki:csma,
	AUTHOR = "Wikipedia",
	TITLE = "\href{http://en.wikipedia.org/wiki/Carrier_sense_multiple_access_with_collision_avoidance}
		{{Carrier Sense Multiple Access with Collision Avoidance}}"
}

@MISC{links:linux:alsa,
	AUTHOR = {{Advanced Linux Sound Architecture}},
	TITLE = "\href{http://alsa-project.org/main/index.php/Developer_Zone}
		{{Developer Zone}}"
}
	
%% MANPAGES:

@Manual{doc:linux:man:0:aseqnet,
	TITLE = "\href{http://manpages.debian.net/cgi-bin/man.cgi?query=aseqnet&sektion=0&format=ascii}
		{{aseqnet (command manual)}}",
	AUTHOR = {Iwai, Takashi}
}

@Manual{doc:linux:man:0:aseqnet,
	TITLE = "\href{http://manpages.debian.net/cgi-bin/man.cgi?query=gdb&sektion=0&format=ascii}
		{{gdb (command manual)}}",
	AUTHOR = {Stallman, R. M. and Pesch, R. H.}
}

@Manual{doc:linux:man:1:make,
	AUTHOR = {Morse, Dennis and McGrath, Roland and Frysinger, Mike},
	TITLE = "\href{http://manpages.debian.net/cgi-bin/man.cgi?query=make&sektion=1&format=ascii}
		{{make (command manual)}}"
}



%%% Licensing

@MISC{links:license:bsd,
	AUTHOR = "OpenSource.org",
	TITLE = "\href{http://www.opensource.org/licenses/bsd-license.php}
		{{BSD License}}",
}

@MISC{links:wiki:bsdlic,
	TITLE = "\href{http://en.wikipedia.org/wiki/BSD_licenses}
		{{BSD Licenses}}",
	AUTHOR = "Wikipedia",
}

@MISC{links:license:cc:by:sa:3:0,
	AUTHOR = "CreativeCommons.org",
	TITLE = "\href{http://creativecommons.org/licenses/by-sa/3.0/}
		{{Attribution Share-Alike Licence (version 3.0)}}"
}

@MISC{links:wiki:cclic,
	AUTHOR = "Wikipedia",
	TITLE = "\href{http://en.wikipedia.org/wiki/Creative_Commons_licenses}
		{Creative Commons Licenses}"
}

%%% Protocols

@MISC{links:wiki:p:wpan,
	AUTHOR = "Wikipedia",
	TITLE = "\href{http://en.wikipedia.org/wiki/IEEE_802.15}
		{IEEE 802.15 - Wireless PAN (Personal Area Network)}"
}

@MISC{links:wiki:p:lrwpan,
	AUTHOR = "Wikipedia",
	TITLE = "\href{http://en.wikipedia.org/wiki/IEEE_802.15.4}
		{IEEE 802.15.4 (Low-Rate WPAN)}"
}

@MISC{links:wiki:p:mrwpan,
	AUTHOR = "Wikipedia",
	TITLE = "\href{http://en.wikipedia.org/wiki/IEEE_802.15.1}
		{IEEE 805.15.1 (Medium-Rate WPAN) / BlueTooth}"
}

@MISC{links:wiki:p:hrwpan,
	AUTHOR = "Wikipedia",
	TITLE = "\href{http://en.wikipedia.org/wiki/IEEE_802.15.3}
		{IEEE 805.15.1 (High-Rate WPAN)}"
}

@MISC{links:wiki:p:dash7,
	AUTHOR = "Wikipedia",
	TITLE = "\href{http://en.wikipedia.org/wiki/DASH7}{DASH7}"
}

@MISC{links:wiki:p:ant,
	AUTHOR = "Wikipedia",
	TITLE = "\href{http://en.wikipedia.org/wiki/ANT_(network)}{ANT Network}"
}

@MISC{links:wiki:p:zigbee,
	AUTHOR = "Wikipedia",
	TITLE = "\href{http://en.wikipedia.org/wiki/ZigBee}{ZigBee}"
}

@MISC{links:wiki:p:6lowpan,
	AUTHOR = "Wikipedia",
	TITLE = "\href{http://en.wikipedia.org/wiki/6LoWPAN}{6loWPAN}"
}

@MISC{links:wiki:rest,
	AUTHOR = "Wikipedia",
	TITLE = "\href{http://en.wikipedia.org/wiki/Representational_State_Transfer}
		{Representational State Transfer}"
}

%%% IEEE
@MISC{links:ieee:802:15,
	AUTHOR = "{IEEE 802.15 Wireless Personal Area Networks}",
	TITLE = "\href{http://www.ieee802.org/15/}
		{Standard Homepage}"
}
@MISC{links:ieee:802:15:4,
	AUTHOR = "{IEEE 802.15 WPAN Task Group 4}",
	TITLE = "\href{http://www.ieee802.org/15/pub/TG4.html}
		{TG4 Homepage}"
}

%%% IPSO

@MISC{links:ipso:homepage,
	AUTHOR = "{ISPO Alliance}",
	TITLE = "\href{http://ipso-alliance.org/}{Homepage}"
}

@MISC{links:ipso:pubs,
	AUTHOR = "{ISPO Alliance}",
	TITLE = "\href{http://ipso-alliance.org/resource-library}{Publications}"
}

@Article{pubs:ipso:wp3,
	AUTHOR = "{ISPO Alliance}",
	TITLE = "\href{http://ipso-alliance.org/resource-library}
		{Incorporating IEEE 802.15.4 into the IP architecture}",
	MONTH = "January",
	YEAR = "2009"
}
	                      
@Article{pubs:ipso:wp6,
	AUTHOR = "{ISPO Alliance}",
	TITLE = "\href{http://ipso-alliance.org/resource-library}
		{A survey of several low power Link layers for IP Smart Objects}",
	MONTH = "June",
	YEAR = "2006"
}


@Article{pubs:ipso:wp2,
	AUTHOR = "{ISPO Alliance}",
	TITLE = "\href{http://ipso-alliance.org/resource-library}
		{Lightweight IPv6 Stacks for Smart Objects: the Experience of
	      	Three Independent and Interoperable Implementations}",
	MONTH = "November",
	YEAR = "2008"
}

@Article{pubs:ipso:wp1,
	AUTHOR = "{ISPO Alliance}",
	TITLE = "\href{http://ipso-alliance.org/resource-library}
		{IP for Smart Objects}",
	MONTH = "July",
	YEAR = "2010",
	NOTE = "\emph{Original version September 2008}"
}

%%% Misc Sites
@MISC{ links:misc:lrwpan,
	TITLE = "\href{http://lecs.cs.ucla.edu/~adparker/EE202A/hw2/index.html}
	{{A Guide For the Clueless: IEEE 802.15.4 Standard for Low-Rate
	Wireless Personal Area Networks (LR-WPAN)}}",
	AUTHOR = "Andrew D. Parker",
	MONTH = "July 14th",
	YEAR = "2004"
}

%%% BOOKS

@book{noble2009programming,
  title={{Programming Interactivity: A Designer's Guide to Processing, Arduino, and OpenFrameworks}},
  author={Noble, J.},
  isbn={9780596154141},
  series={O'Reilly Series},
  url={http://books.google.co.uk/books?id=STXR9vCXs5YC},
  year={2009},
  publisher={O'Reilly}
}

@BOOK{b:zigbee,
 TITLE = "{{ZigBee Wireless Networks and Transceivers}}",
 AUTHOR = "Shahin Farahani",
 YEAR = "2008",
 PUBLISHER = "Newnes",
 ISBN = "9780750693937"
}

@BOOK{b:ctools,
 TITLE = "{{Programming Embedded Systems with C and GNU Development Tools}}",
 AUTHOR = "Michael Barr \and Anthony Massa",
 YEAR = "2006",
 PUBLISHER = "{O'Reilly}",
 ISBN = "97805960099830"
}

@book{levis2009tinyos,
  title="\href{http://sl.stanford.edu/~pal/pubs/tos-programming-web.pdf}
  {{TinyOS Programming}}",
  author={Levis, P. and Gay, D.},
  isbn={9780521896061},
  url={http://books.google.co.uk/books?id=fhQvT0WDfOEC},
  year={2009},
  publisher={Cambridge University Press}
}

@MISC{tinyos:docs,
  TITLE = "\href{http://docs.tinyos.net/index.php/Main_Page}
  	{{Documentation Resources}}",
  AUTHOR = {{TinyOS Wiki}}
}
 
% TITLE = “Networking Technology for Digital Audio” 
% AUTHOR = "Andre Bailey", YEAR = "2001", ISBN = "0-240-5188-9"
% 
% TITLE = “The Computer Music Tutorial”,
% AUTHOR = "Curtis Roads", YEAR = "1996", ISBN = "0-252-18158-4"
% 
% TITLE = “Digital Signal Processing Primer with Applications to Digital Audio and Coomputer Music”
% AUTHOR = "Ken Steiglitz", YEAR = "1996", ISBN = "0-8053-1684-1"
% 

@BOOK{b:msp07,
 TITLE ="\href{http://crca.ucsd.edu/~msp/techniques/latest/book.pdf}
 	{Theory and Techniques of Electronic Music}",
 AUTHOR = "Miller Smith Puckette",
 YEAR = "2007",
 MONTH = "May",
 PUBLISHER = "World Scientific Press",
 ISBN = "9789812700773"
}

@MISC{links:sw:pd,
 AUTHOR = "Miller Smith Puckette",
 TITLE = "\href{http://crca.ucsd.edu/~msp/software.html}
 	{{Pure Data Software}}"
}
 
% TITLE = “Embedded Software: Know it All”
% AUTHOR = "Jean Labrosse and Jack Ganssle"
% YEAR = "2008", Newnes Press; ISBN: 978-0-7506-8583-2
% 

@MISC{book:lfs,
	AUTHOR = "Beekmans, Gerard",
	TITLE = "\href{http://www.linuxfromscratch.org/lfs/read.html}
		{{Linux From Scratch (read on-line)}}",
}

@MISC{links:mentor:linux,
AUTHOR = {{Mentor Graphics Corporation}},
TITLE = "\href{http://www.mentor.com/embedded-software/upload/embedded-linux-brief.pdf}
	{{Mentor Embedded Linux - Technical Brief}}"
}

@manual{links:oe,
	AUTHOR = {{OpenEmbedded Project Documentation}},
	TITLE = "\href{http://docs.openembedded.org/usermanual/usermanual.pdf}
		{{User Manual}}"
}

@MISC{links:buildroot,
	AUTHOR = {{BuildRoot Project}},
	TITLE = "\href{http://buildroot.uclibc.org/}
		{{Homepage}}"
}

@MISC{links:sbox:homepage,
	AUTHOR = {{ScratchBox Project}},
	TITLE = "\href{http://www.scratchbox.org/}
		{{Homepage}}"
}

@MISC{links:gentoo:embedded,
AUTHOR = {{Gentoo Embedded Platfrom Development Team}},
TITLE = "\href{http://www.gentoo.org/proj/en/base/embedded/handbook/}
	{{Embedded Handbook}}"
}

@MISC{links:linaro:homepage,
	AUTHOR = {{Linaro Foundation}},
	TITLE = "\href{http://www.linaro.org/about-linaro/}
		{{Homepage}}"
}


%%% PUBS

@MISC{pub:sensys08,
TITLE = "\href{http://buzzing.cs.berkeley.edu/~xjiang/papers/dutta08epic.pdf}
	{A Building Block Approach to Sensornet Systems}",
AUTHOR = "Prabal Dutta \and Jay Taneja \and Jaein Jeong \and Xiaofan Jiang \and David Culler",
SCHOOL = "Computer Science Division University of California, Berkeley, USA",
NOTE = "\emph{In Plearning roceedings of the Sixth ACM Conference on
	Embedded Networked Sensor Systems (SenSys’08)}",
MONTH = "November",
YEAR = "2008"
}

@MISC{pubs:eecs:05:5,
 TITLE = "\href{http://www.eecs.berkeley.edu/Pubs/TechRpts/2005/EECS-2005-5.pdf}
 {Building Unreliable Systems out of Reliable Components: The Real Time Story}",
 AUTHOR = "Edward A. Lee",
 SCHOOL = "EECS Department, University of California, Berkeley, USA",
 MONTH = "October",
 YEAR = "2005"
}

@InProceedings{paper:amac,
 TITLE = "\href{http://www.cs.berkeley.edu/~stevedh/pubs/p1-Dutta.pdf} 
 	{Design and Evaluation of a Versatile and Efficient Receiver-Initiated Link Layer for Low-Power Wireless}", 
 AUTHOR = {Dutta, Prabal and Dawson-Haggerty, Stephen and Chen, Yin and Liang, Chieh-Jan and Terzis, Andreas},
 booktitle = {{Proceedings of the 8th ACM Conference on Embedded Networked Sensor Systems (SenSys'10)}},
 MONTH = "November",
 YEAR = "2010"
}


@MISC{links:nanork:pubs,
 AUTHOR = "{Nano-RK}",
 TITLE = "\href{http://nano-rk.org/wiki/Pubs}{Research Publication}"
}

@Article{pubs:nrk06a,
 TITLE = "\href{http://www.nanork.org/raw-attachment/wiki/Pubs/rtss06.pdf?format=raw}
 	{Voice over Sensor Networks}",
 
 AUTHOR = "Rahul Mangharam \and Anthony Rowe \and Raj Rajkumar \and Ryohei Suzuki",
 SCHOOL = "Department of Electrical and Computer Engineering, Carnegie Mellon University, USA
 	   \and Ubiquitous Networking Laboratory, Tokyo Denki University,
	   Japan",
 YEAR = "2006"
}

@Article{pubs:nrk07,
 TITLE = "\href{http://www.nanork.org/attachment/wiki/Pubs/rtss-mosaic-07.pdf?format=raw}
	{FireFly Mosaic: A Vision-Enabled Wireless Sensor Networking System}",

 AUTHOR = "Anthony Rowe \and Dhiraj Goel \and Raj Rajkumar",

 NOTE = "Real-Time Systems Symposium (RTSS)",
 MONTH = "December",
 YEAR = "2007"
}

@Article{pubs:nrk06b,
 TITLE = "\href{http://www.nanork.org/attachment/wiki/Pubs/nrk-chapter06.pdf?format=raw}
	{FireFly: A Time Synchronized Real-Time Sensor Networking Platform}",

 AUTHOR = "Anthony Rowe \and Rahul Mangharam \and Raj Rajkumar",
 NOTE = "Wireless Ad Hoc Networking: Personal-Area, Local-Area,
 	and the Sensory-Area Networks, CRC Press (Book Chapter)",
 MONTH = "November",
 YEAR = "2006"
}

@Article{pubs:nrk06c,
	AUTHOR = {Rowe, Anthony and Mangharam, Rahul and Rajkumar, Raj},
	TITLE = "\href{http://www.ece.cmu.edu/~agr/pubpg/secon_06.pdf}
		{{RT-Link: A Time-Synchronized Link Protocol for Energy Constrained Multi-hop Wireless Networks}}"
	MONTH = "September",
	YEAR = 2006
}



@mastersthesis{pubs:schmidt,

 TITLE = "\href{http://www.datenfreihafen.org/~stefan/papers/study-thesis-final.pdf}
 	{Delay Tolerant Networking on Embedded Linux Hardware}",

 AUTHOR = "Stefan Schmidt",

 SCHOOL = "Technische Universitat Braunschweig, Institut fur Betriebssysteme und Rechnerverbund",

 MONTH = "August",
 YEAR = "2010"
}


@mastersthesis{pub:bartolomeu2005,

 TITLE = "\href{http://www.ieeta.pt/~bartolomeu/docs/bartolomeu-msc-dissertation.pdf}
 	{Evaluating Bluetooth for the wireless transmission of MIDI}",

 AUTHOR = "Paulo Jorge de Campos Bartolomeu",

 SCHOOL = "Universidade de Aveiro, Departamento de Electrónica e Telecomunicações",
 
 YEAR = "2005",

 NOTE = "\emph{IEEE paper reference 10.1109/ETFA.2005.1612507}"

}

@Article{pub:plym:go,

	TITLE = "\href{http://nime2008.casapaganini.org/documents/Proceedings/Demos/156.pdf}
		{Prototype GO: Wireless Controller for Pure Data}",

	AUTHOR = "Eva Sjuve",

	SCHOOL = "School of Computing, Communications and Electronics University of Plymouth, UK",

	YEAR = "2008"
}

@Article{pub:ccrma:bb,

	TITLE = "\href{citeseerx.ist.psu.edu/viewdoc/download?doi=10.1.1.59.3707&rep=rep1&type=pdf}
		{Beat Boxing: Expressive Control for Electronic Music Performance and Musical Applications}",

	AUTHOR = "Robert Lugo \and Damondrick Jack",

	SCHOOL = "CCRMA, Department of Music, Stanford University, USA",

	YEAR = "2005"
}

@Article{pub:ccrma:sm,

	TITLE = "\href{https://ccrma.stanford.edu/~jcarlile/250a/fox-carlile-nime05.pdf}
		{SoniMime: Movement Sonifcation for Real-Time Timbre Shaping}",

	AUTHOR = "Jesse Fox \and Jennifer Carlile",

	SCHOOL = "CCRMA, Department of Music, Stanford University, USA",

	YEAR = "2005"
}


@MISC{pub:ccrma:brbi,
 TITLE = "\href{https://ccrma.stanford.edu/~woony/publications/Yeo-ICMC06.pdf}
	{The Bluetooth Radio Ball Interface (BRBI): A Wireless Interface for
 	Music/Sound Control And Motion Sonification}",
 AUTHOR = "Woon Seung Yeo",
 SCHOOL = "CCRMA, Department of Music, Stanford University, USA"
}

@MISC{pub:ccrma:muggling,
 TITLE = "\href{https://ccrma.stanford.edu/~jmccarty/Muggling.pdf}
	{Muggling! A Wireless Spherical Multi-Axis Musical Controller}",
 AUTHOR = "Pascal Stang \and John R. McCarty \and Jeffrey Traer Bernstein",
 SCHOOL = "CCRMA, Department of Music, Stanford University, USA"
}

@MISC{links:ccrma,
 TITLE = "\href{https://ccrma.stanford.edu/}{Homepage}",
 AUTHOR = "CCRMA"
}

@MISC{links:cnmat,
 TITLE = "\href{http://cnmat.berkeley.edu/}{Homepage}",
 AUTHOR = "CNMAT"
}

%%% CONTIKI

@MISC{contiki:home,
	TITLE = "\href{http://www.sics.se/contiki/}
		{Homepage at the Swedish Institute of Computer Science (SICS)}",
	AUTHOR = "Contiki"
}

@MISC{contiki:code:style,
	TITLE = "\href{http://www.sics.se/contiki/developers/contiki-coding-conventions.html}
		{Conding Conventions}",
	AUTHOR = "Contiki"
}

@MISC{contiki:proj:emma,
	AUTHOR = "{Contiki Projects}",
	TITLE = "\href{http://www.ece.fr/~duhart/emma/doc/html/index.html}
		{Environnement Monitoring and Management Agent (EMMA)}"
}

%%% ATMEL

@manual{atmel:avr2070,
	AUTHOR = "{Atmel Corportation}",
	TITLE = "\href{http://www.atmel.com/dyn/products/tools_card.asp?tool_id=4578}
		{AVR2070: Route Under Medium Access Control (RUM) with IPv6 and 6LoWPAN}"
}

@manual{atmel:avr2025,
	AUTHOR = "{Atmel Corportation}",
	TITLE = "\href{http://www.atmel.com/dyn/products/tools_card.asp?tool_id=4675}
		{AVR2025: IEEE 802.15.4-2006 Medium Access Control (MAC)}"
}

@manual{atmel:avr2102,
	AUTHOR = "{Atmel Corportation}",
	TITLE = "\href{http://www.atmel.com/dyn/products/tools_card.asp?tool_id=4712}
		{AVR2102: ZigBee RF4CE Profile}"
}

@manual{atmel:zbpro,
	AUTHOR = "{Atmel Corportation}",
	TITLE = "\href{http://www.atmel.com/dyn/products/tools_card.asp?tool_id=4495}
		{BitCloud ZigBee PRO}"
}

@manual{atmel:zbmisc,
	AUTHOR = "{Atmel Corportation}",
	TITLE = "\href{http://www.atmel.com/dyn/products/tools.asp?family_id=676#798}
		{ZigBee Profiles: ZBA, ZHA and ZSE}"
}

@manual{atmel:atmega128rfa1:datasheet,
	AUTHOR = "{Atmel Corportation}",
	TITLE = "\href{http://www.atmel.com/dyn/resources/prod_documents/doc8266.pdf}
		{ATmega128RFA1 Preliminary Datasheet (rev A)}",
	MONTH = "December",
	YEAR = "2009"
}

@manual{atmel:at86rf231:datasheet,
	AUTHOR = "{Atmel Corportation}",
	TITLE = "\href{http://www.atmel.com/dyn/resources/prod_documents/doc8111.pdf}
		{AT86RF231 Datasheet (rev C)}",
	MONTH = "September",
	YEAR = "2009"
}

@MISC{links:atmel:rcb,
	AUTHOR = "{Atmel Corportation}",
	TITLE = "\href{http://www.atmel.com/dyn/products/tools.asp?family_id=607}
		{AVR Tools and Software}"
}

@MISC{links:de:rcb,
	AUTHOR = "{Dresden Elktronik}",
	TITLE = "\href{http://www.dresden-elektronik.de/shop/prod128.html?language=en}
	{Radio Controller Board RCB128RFA1 (ver 6.3.1)}"
}

@MISC{links:de:stb,
	AUTHOR = "{Dresden Elktronik}",
	TITLE = "\href{http://www.dresden-elektronik.de/shop/prod75.html?language=en}
	{Sensor Terminal Board RCB128RFA1 (ver 2.0)}"
}

@MISC{links:digi:xbee,
	AUTHOR = "{Digi International, Inc.}",
	TITLE = "\href{http://www.digi.com/products/wireless/zigbee-mesh/}
		{{Product Range: Mesh Wireless Networking}}",
}

@MISC{links:digi:cme,
	AUTHOR = "{Digi International, Inc.}",
	TITLE = "\href{http://www.digi.com/products/wireless-wired-embedded-solutions/solutions-on-module/digi-connect/digiconnectme.jsp}
		{{Product Catalogue: Connect-ME}}"
}

@MISC{links:xbee:wiki:prog,
	AUTHOR = "{Digi International, Inc.}",
	TITLE = "\href{http://www.digi.com/wiki/developer/index.php/Programmable_XBee_-_Getting_Started}
		{{Getting Started Guide to XBee Programming}}",
}

@MISC{links:netlogic:mips64,
	TITLE = "\href{http://www.netlogicmicro.com/Products/MultiCore/}
		{{Multi-core MIPS64 Processor Family}}",
	AUTHOR = {{NetLogic Microsystems}}
}

@MISC{links:arm:vfp,
	AUTHOR = "{ARM Holdings PLC}",
	TITLE = "\href{http://www.arm.com/products/processors/technologies/vector-floating-point.php}
		{{Floating Point Support}}"
}

@MISC{links:linuxfordevices:guide,
	AUTHOR = "{Linux for Devices News Portal}",
	TITLE = "\href{http://www.linuxfordevices.com/c/a/Linux-For-Devices-Articles/Single-Board-Computer-SBC-Quick-Reference-Guide/}
		{{Reference Guide on Single Board Computer Systems}}"
}

@MISC{ti:omap:wiki:dsp,
	AUTHOR = "{{Texas Instruments}}",
	TITLE = "\href{http://www.omappedia.org/wiki/DSPBridge_Project}
		{{OMAP Documentation Wiki: DSP Brige Project}}"
}

@MISC{ti:omap:wiki:pb,
	AUTHOR = "{{Texas Instruments}}",
	TITLE = "\href{http://www.omappedia.org/wiki/PandaBoard}
		{{OMAP Documentation Wiki: Panda Board Specification}}"
}

@MISC{links:marvell:armada,
	AUTHOR = {{Marvell Semiconductor, Inc.}},
	TITLE="\href{http://www.marvell.com/products/processors/armada.html}
		{{ARMAD Processor Family}}"
}

@MISC{links:marvell:kirkwood,
	AUTHOR = {{Marvell Semiconductor, Inc.}},
	TITLE="\href{http://www.marvell.com/products/processors/embedded/kirkwood/}
		{{Kirkwood Processor Family}}"
}

@MISC{links:marvell:plug,
	AUTHOR = {{Marvell Semiconductor, Inc.}},
	TITLE="\href{http://www.marvell.com/platforms/plug_computer/}
		{{Plug Computer Platform}}"
}

@MISC{links:plugcomp:homepage,
	AUTHOR = {{Plug Computer Commuty}},
	TITLE="\href{http://www.plugcomputer.org/}
		{Homepage}"
}

@MISC{links:freescale:imx,
	TITLE = "\href{http://cache.freescale.com/files/32bit/doc/brochure/FLYRIMXPRDCMPR.pdf}
		{{i.MX Product Family Overview}}",
	AUTHOR = {{Freescale Semiconductors}}
}


@MANUAL{links:freescale:imx31,
	TITLE = "\href{http://www.freescale.com/files/32bit/doc/ref_manual/MCIMX31RM.pdf}
		{{i.MX32 Reference Manual}}",
	AUTHOR = {{Freescale Semiconductors}}
}

@Article{appnote:freescale:AN3751,
	TITLE = "\href{http://cache.freescale.com/files/sensors/doc/app_note/AN3751.pdf}
		{{Application Note AN3751: Frequency Analysis in the Industrial Market Using Accelerometer Sensors}}",
	AUTHOR = {{Freescale Semiconductors}}
}

@MANUAL{links:freescale:mc1322x,
	TITLE = "\href{http://www.freescale.com/files/rf_if/doc/ref_manual/MC1322xRM.pdf}
		{{MC1322X Reference Manual}}",
	AUTHOR = {{Freescale Semiconductors}}
}
@MISC{links:freescale:imx5,
	TITLE = "\href{http://cache.freescale.com/files/32bit/doc/fact_sheet/IMX5CNFS.pdf}
		{{i.MX5 Fact Sheet}}",
	AUTHOR = {{Freescale Semiconductors}}
}

@MISC{links:adi:sharc,
	AUTHOR = {{Analog Devices, Inc.}},
	TITLE = "\href{http://www.analog.com/static/imported-files/product_highlights/SHARC_Proc_Family_(B)_Final.pdf}
		{{SHARC Processor Family}}"
}

@MISC{links:adi:freepcb,
	AUTHOR = {{Analog Devices, Inc.}},
	TITLE = "\href{http://blackfin.uclinux.org/gf/project/stamp/frs}
		{{Free Design Library}}"
}

@Manual{datasheet:adi:admp441,
	AUTHOR = {{Analog Devices, Inc.}},
	TITLE = "\href{http://www.analog.com/static/imported-files/data_sheets/ADMP441.pdf}
		{{ADMP441 Datasheet}}"
}

@Manual{datasheet:adi:admp441,
	AUTHOR = {{Analog Devices, Inc.}},
	TITLE = "\href{http://www.analog.com/static/imported-files/data_sheets/ADXL345.pdf}
		{{ADX345 Datasheet}}"
}

@MISC{links:dma1,
	AUTHOR = {{Dark Matter Audio, Ltd.}},
	TITLE = "\href{http://www.darkmatteraudio.com/}
		{{Homepage}}"
}

@mastersthesis{paper:ryan09,
	AUTHOR = {Jordan, Ryan},
	TITLE = "\href{http://ryanjordan.org/SRSThesis_Ryan_Jordan_2009.pdf}
		{Sensory Response Systems}",
	SCHOOL = {Goldsmiths Digital Studios, University of London},
	YEAR = 2009
}


%%% SOFTWARE

@MISC{links:sw:em,
	AUTHOR = "{Event Machine}",
	TITLE = "\href{http://github.com/eventmachine}
		{Source Code Repository}"
}

@MISC{links:sw:ror,
	AUTHOR = "{Ruby-on-Rails Project}",
	TITLE = "\href{http://rubyonrails.org/}{Homepage}"
}

@MISC{links:lang:ruby,
	AUTHOR = "{Yukihiro Matsumoto}",
	TITLE = "\href{http://www.ruby-lang.org/en/about/}
		{About Ruby Programming Language}"
}

@Article{paper:osc97,
	TITLE = "\href{http://archive.cnmat.berkeley.edu/ICMC97/postscript/0118030b.org-OSC-paper.ps}
	{Open Sound Control: A New Protocol for Communicating with Sound Synthesizers}",
	year = {1997},
	URL = {http://cnmat.berkeley.edu/publications/open_sound_control_new_protocol_communicating_sound_synthesizers},
	author = {Freed, Adrian and Wright, Matthew}
}

@Article{paper:osc11,
	TITLE = "\href{http://cnmat.berkeley.edu/system/files/attachments/Nime09OSCfinal.pdf}
	{Features and Future of Open Sound Control version 1.1}",
	year = {2009},
	URL = {http://cnmat.berkeley.edu/node/7002},
	author = {Freed, Adrian and Schmeder, Andy}
}

%%% IETF

@InProceedings{ietf:draft:lwips,
	TITLE = "\href{http://tools.ietf.org/pdf/draft-ma-lwip-stack-analysis-00.pdf}
		{Stack Analysis for Lightweight IP Implementation}",
	AUTHOR = {Ma, YC. and He, X. and Cao, Z. and Deng, H},
	booktitle = {Internet Drafts},
	MONTH = "October",
	YEAR = "2010",
	PUBLISHER = "IETF"
}

@InProceedings{ietf:draft:roll,
	TITLE = "\href{http://tools.ietf.org/pdf/draft-ietf-roll-protocols-survey-07.pdf}
		{Overview of Existing Routing Protocols for Low Power and Lossy Networks}",
	AUTHOR = {Levis, P. and Tavakoli, A. and Dawson-Haggerty, S.},
	booktitle = {Internet Drafts},
	MONTH = "October",
	YEAR = "2009",
	PUBLISHER = "IETF"
}

@InProceedings{ietf:draft:tcpm:urgdata,
	TITLE  = "\href{http://tools.ietf.org/pdf/draft-ietf-tcpm-urgent-data-07}
		{{On the implementation of the TCP urgent mechanism}}",
	AUTHOR = {Gont, F. and Yourtchenko, A.},
	booktitle = {Internet Drafts},
	MONTH = "October",
	YEAR = "2010",
	PUBLISHER = "IETF"
}
